%% This BibTeX bibliography file was created using BibDesk.
%% https://bibdesk.sourceforge.io/

%% Created for Fred Cheng at 2023-12-03 13:14:10 -0800 


%% Saved with string encoding Unicode (UTF-8) 



@book{Diaconis_Fulman_2023,
	author = {Diaconis, Persi and Fulman, Jason},
	date-added = {2023-12-03 13:14:09 -0800},
	date-modified = {2023-12-03 13:14:09 -0800},
	publisher = {American Mathematical Society},
	title = {The mathematics of shuffling cards},
	year = {2023}}

@article{Bayer_1992,
	author = {Bayer, Dave and Diaconis, Persi},
	date-added = {2023-12-03 12:47:05 -0800},
	date-modified = {2023-12-03 12:47:05 -0800},
	doi = {10.1214/aoap/1177005705},
	issn = {1050-5164},
	journal = {The Annals of Applied Probability},
	month = may,
	number = {2},
	publisher = {Institute of Mathematical Statistics},
	title = {Trailing the Dovetail Shuffle to its Lair},
	url = {http://dx.doi.org/10.1214/aoap/1177005705},
	volume = {2},
	year = {1992},
	bdsk-url-1 = {http://dx.doi.org/10.1214/aoap/1177005705}}

@book{Levin_Peres_Wilmer_2017,
	author = {Levin, David and Peres, Yuval and Wilmer, Elizabeth},
	date-added = {2023-12-03 12:46:19 -0800},
	date-modified = {2023-12-03 12:46:19 -0800},
	publisher = {American Mathematical Society},
	title = {Markov chains and mixing times},
	year = {2017}}

@article{Aldous_1986,
	author = {Aldous, David and Diaconis, Persi},
	date-added = {2023-12-03 12:42:21 -0800},
	date-modified = {2023-12-03 12:42:21 -0800},
	doi = {10.1080/00029890.1986.11971821},
	issn = {1930-0972},
	journal = {The American Mathematical Monthly},
	month = may,
	number = {5},
	pages = {333--348},
	publisher = {Informa UK Limited},
	title = {Shuffling Cards and Stopping Times},
	url = {http://dx.doi.org/10.1080/00029890.1986.11971821},
	volume = {93},
	year = {1986},
	bdsk-url-1 = {http://dx.doi.org/10.1080/00029890.1986.11971821}}
